@book{mongin1887,
title={Des changements de valeur de la monnaie},
author={M. Mongin},
year={1887},
publisher={L. Larose et Forcel}
}

@article{mongin1897,
title={La monnaie et la mesure des valeurs},
author={M. Mongin},
journal={Revue d'économie politique},
number={2},
pages={144-169},
publisher={Editions Dalloz},
volume={11},
year={1897}
}

@book{guesnerie2006,
author={R. Guesnerie},
title={L'économie de marché},
year={2013},
publisher={Le Pommier}
}

@article{dosquet2018,
author={Y. Dosquet},
title={La monnaie dans l'ordre du discours : la fonction symbolique de la monnaie},
journal={Revue de philosophie économique},
number={19},
pages={15--48},
year={2018}
}

@article{phillips1958,
title = {The Relation between Unemployment and the Rate of Change of Money Wage Rates in the \uppercase{U}nited \uppercase{K}ingdom, 1861-1957},
	author = {A. W. Phillips},
journal = {Economica},
number = {100},
pages = {283--299},
publisher = {[London School of Economics, Wiley, London School of Economics and Political Science, Suntory and Toyota International Centres for Economics and Related Disciplines]},
volume = {25},
year = {1958}
}

@article{samuelson1960,
author = {P. A. Samuelson and Robert M. Solow},
journal = {The American Economic Review},
number = {2},
pages = {177--194},
publisher = {American Economic Association},
title = {Analytical Aspects of Anti-Inflation Policy},
volume = {50},
year = {1960}
}

@book{friedman1959,
title={A Program for Monetary Stability},
author={Friedman, M.},
series={Fordham University},
year={1959},
publisher={Fordham University Press}
}

@book{marshall1890,
title = {The Principles of Economics},
author = {Marshall, A},
year = {1890},
publisher = {McMaster University Archive for the History of Economic Thought},
}

@book{say1803,
title = {Traité d'économie politique},
author = {J.-B. Say},
year = {1803},
publisher = {Deterville},
adress = {Paris}
}

@unpublished{brulenaudet2021,
 title = {Regard sur les conséquences des mutations organiques de la monnaie dans la manifestation des conflits armés depuis l'éclatement du système de Bretton-Woods},
 author = {Brulé Naudet, L.},
 year = {2021}
}

@book{knapp1905,
title = {Staatliche Theorie des Geldes},
author = {Knapp, G.-F.},
year = {1905},
publisher = {Duncker und Humblot},
adress = {Leipzig}
}

@article{charpin1992,
title = {La détention de monnaie dans la théorie du cycle de vie},
author = {Charpin, F.},
year = {1992},
volume = {43},
number = {3},
pages = {419--444},
publisher = {Revue économique}
}

@article{carbonnier1988,
author = {J. Carbonnier},
title = {Conclusions générales du colloque \og Droit et Monnaie \fg{}},
journal = {Droit et Monnaie},
publisher = {Litec},
year = {1988}
}

@article{delaplace2017,
title={Les fonctions et formes actuelles de la monnaie},
author={M. Delaplace},
journal = {Monnaie et financement de l'économie},
year={2017},
publisher={L. Larose et Forcel},
pages= {33--50}
}

@book{swan2015,
title = {Blockchain, Blueprint for a New Economy},
author = {Swan, M.},
year = {2015},
publisher = {Tim McGovern, O'Reilly Media},
pages = {83}
}
@ARTICLE{figuet2016,
  title     = "Bitcoin et blockchain : quelles opportunit{\'e}s ?",
  author    = "Figuet, J.-M.",
  journal   = "Rev. Econ. Financ.",
  publisher = "CAIRN",
  volume    = "123",
  number    =  3,
  pages     = "325--338",
  year      =  2016,
}


@book{libchaber1992,
title = {Recherches sur la monnaie en droit privé},
author = {Libchaber, R.},
year = {1992},
publisher = {LGDJ}
}

@book{carbonnier1995,
title = {Droit civil, t. \textsc{iii}},
author = {J. Carbonnier},
year = {1995},
publisher = {\og Les biens (monnaie, immeubles, meubles) \fg{}, collection \og Thémis - Droit privé \fg{}, P.U.F.}
}

@book{carbonnier2004,
title = {Droit civil. Les biens. Les obligations},
author = {J. Carbonnier},
year = {2004},
publisher = {PUF, Vol. \textsc{ii}},
pages = {1533}
}

@book{lassalas1997,
title = {L'inscription en compte des valeurs : la notion de propriété scripturale},
author = {C. Lassalas},
year = {1997},
publisher = {Thèse, LGDJ}
}

@book{bdf2018,
title = {L'émergence du bitcoin et autres crypto-actifs: enjeux, risques et perspectives},
author = {Banque de France},
year = {5 mars 2018}
}

@article{rousille2015,
title={Le bitcoin : objet juridique non identifié},
author={M. Rousille},
journal = {Banque \& Droit},
year={2015},
publisher={L. Larose et Forcel},
pages= {29},
number = {159}
}

@book{bonneau2018,
title = {Régulation bancaire, financière et européenne},
author = {T. Bonneau},
publisher = {Bruylant, 4\up{ème} éd.},
year = {2018},
pages = {836}
}

@book{bonneau2019,
title = {Hyper réglementation et système financier parallèle},
author = {T. Bonneau},
publisher = {Mél. B. Teyssié, LexisNexis},
year = {2019}
}

@article{lietaer2004,
title={Complementary currencies},
author={B. Lietaer},
journal = {Japan today : History, originality, and relevance},
year={2004},
}

@book{dollo2018,
title = {Economie},
author = {Ch. Dollo, L. Braquet \emph{et al}.},
publisher = {Sirey, 6\up{ème} ed},
year = {2018},
pages = {198}
}

@article{theret2007,
title={Sur la pluralité des monnaies publiques dans les
fédérations},
author={B. Théret \emph{et al}.},
journal = {Association Économie et Institutions},
year={2007},
}

@article{kleiner2019,
title={La monnaie, aspects juridiques internationaux},
author={C. Kleiner},
journal = {Revue de droit bancaire et financier},
year={2019},
}

@article{storrer2018,
title={\og {C}eci n'est pas une monnaie\fg{} (que sont les cryptomonnaies devenues ?)},
author={C. Kleiner},
journal = {Banque \& Droit},
year={mars-avril 2018},
pages = {46},
number={178},
}

@book{rossi2008,
title = {Macroéconomie monétaire. Théories et politiques},
author = {S. Rossi},
year = {2008},
publisher = {LGDJ},
pages = {33}
}

@article{huet2017,
title={Le bitcoin, dont la légalité paraît admise, est une sorte de monnaie contractuelle},
author={J. Huet},
journal = {Revue des contrats},
year={mars 2017},
pages = {54},
number={1},
}

@article{teller2019,
title={Aspects juridiques des monnaies locales},
author={M. Teller},
journal = {Revue de droit bancaire et financier},
year={2019},number={35},
}
@book{gaffiot2000,
title={Le grand Gaffiot. Dictionnaire Latin-Français},
author={F. Gaffiot, P. Flobert},
publisher = {Hachette},
year = {2000},
page = {560}
}
@ARTICLE{atias2004,
  title   = {Des biens et des droits},
  author  = {Atias, C.},
  journal = {Christian Atias {\'e}d., Le droit civil},
  volume  = {14},
  pages   = {87--102},
  year    = {2004}
}

@book{zenati2006,
  title  = {Qu'en est-il de la propri{\'e}t{\'e} ? L'appropriation en
            d{\'e}bat.},
  publisher = {Presses de l'Universit{\'e} Toulouse 1 Capitole},
  author = {Zenati-Castaing, F.},
  editor = {Tomasin, D},
  year   = {2006}
}
@book{duranton1844,
  title={Cours de droit fran{\c{c}}ais: suivant le Code civil},
  author={Duranton, A.},
  number={vol.~4},
  year={1844},
  publisher={G. Thorel}
}
@book{pignarre2010,
  title={Les obligations en nature et de somme d'argent en droit privé : Essai de théorisation à partir d'une distinction},
  author={Pignarre, L.-F.},
  year={2010},
  publisher={LGDJ, Bibliothèque de droit privé},
  page = {51}
}
@book{lyon1923,
  title={Traité de droit commercial},
  author={C.-L. Lyon-Caen. A. Amizud},
  year={1923},
  publisher={LGDJ}
}
@PHDTHESIS{drouillat1931,
  title={Étude juridique du virement en banque},
  author={R. Drouillat},
  year={1931},
  school={Poitiers}
}
@PHDTHESIS{doss1842,
  title={De la distinction des biens},
  author={J. Doss},
  year={1842},
  school={Faculté de droit de Strasbourg}
}
@book{edgeworth1881,
  title={Mathematical Psychics: An Essay on the Application of Mathematics to the Moral Sciences},
  author={F.Y. Edgeworth},
  series={Reprints of economic classics},
  year={1881},
  publisher={C. K. Paul}
}
@article{orlean1991,
title={L'origine de la monnaie},
author={A. Orléan},
journal = {Revue du MAUSS},
year={1991},
pages = {126--152},
number={14},
}
@book{russell1908,
  title={La théorie des types logiques},
  author={B. Russell},
  year={1908}
}
@ARTICLE{merot1999,
  title     = {Une br{\`e}ve introduction {\`a} la ph{\'e}nom{\'e}nologie du droit},
  author    = {P. Merot},
  journal   = {Revue interdisciplinaire d'{\'e}tudes juridiques},
  publisher = {CAIRN},
  volume    = {42},
  number    = {1},
  pages     = {143},
  year      = {1999}
}
@INCOLLECTION{delaplace2017,
  title     = {Les motifs de d{\'e}tention de la monnaie : la
               demande de monnaie},
  booktitle =  {M. Delaplace, Monnaie et financement de l'{\'e}conomie},
  author    = {M. Delaplace},
  publisher = {Dunod},
  pages     = {51--65},
  year      = {2017}
}
@ARTICLE{theret2008,
  title     = {Les trois {\'e}tats de la monnaie},
  author    = {B. Th{\'e}ret},
  journal   = {Revue {\'e}conomique},
  publisher = {CAIRN},
  volume    = {59},
  number    = {4},
  pages     = {813},
  year      = {2008}
}
@ARTICLE{bouriau2002,
  title     = {Schopenhauer face {\`a} la chose en soi},
  author    = {C. Bouriau},
  journal   = {Archives de Philosophie},
  publisher = {CAIRN},
  volume    = {65},
  number    = {3},
  pages     = {503},
  year      = {2002}
}
@book{borges1957,
  title={Enquêtes},
  author={J.-L. Borges},
  publisher={Gallimard},
  year={1957},
  pages = {162}
}
@book{desrousseaux2012,
  title={La monnaie en circulation en France sous Napol{\'e}on},
  author={S. Desrousseaux},
  year={2012},
  publisher={Chevau-l{\'e}gers}
}
@book{white1952,
  title={Fiat Money Inflation in France},
  author={A.D. White},
  year={1952},
  publisher={Foundation for Economic Education, Incorporated}
}
@BOOK{pareto1982,
  title     = {Premier cours d'{\'e}conomie politique appliqu{\'e}e
               profess{\'e} {\`a} l'Universit{\'e} de Lausanne: {{\OE}uvres}
               compl{\`e}tes : T. {XXIV}},
  author    = {V. Pareto},
  publisher = {Librairie Droz},
  pages     = {89--150},
  year      = {1982}
}
@book{macleod1858,
  title={The Elements of Political Economy},
  author={H.D. MacLeod},
  year={1858}
}
@article{goldstats1949,
  title = {L'évolution de la production de l'or dans le monde},
  year = {1949},
  journal = {Economie et Statistique},
  volume = {4},
  number = {2},
  pages = {13--62}
}

@INCOLLECTION{pareto1992,
  title     = {{XVI}. \uppercase{L}'avenir de l'union mon{\'e}taire latine},
  booktitle = {Libre-{\'e}changisme, protectionnisme et socialisme:
               {{\OE}uvres} compl{\`e}tes : Tome {IV}},
  author    = {V. Pareto},
  publisher = {Librairie Droz},
  pages     = {170--199},
  year      = {1992}
}
@INCOLLECTION{berstein2014,
  title     = {Chapitre 2 - {L'Allemagne} de Bismarck},
  booktitle = {L'Allemagne de 1870 {\`a} nos jours},
  author    = {S. Berstein, and P. Milza},
  publisher = {Armand Colin},
  pages     = {15--26},
  year      = {2014}
}
@article{chevalier1857,
 author = {M. Chevalier},
 journal = {Revue des Deux Mondes (1829-1971)},
 number = {4},
 pages = {837--865},
 publisher = {Revue des Deux Mondes},
 title = {De la baisse probable de l'or: des conséquences commerciales et sociales qu'elle peut avoir et des mesures qu'elle provoque: deuxième partie. du role fait a l'or en France par la législation monétaire},
 volume = {11},
 year = {1857}
}
@book{keynes1919,
  title={Les cons{\'e}quences {\'e}conomiques de la paix},
  author={Keynes, J.M.},
  year={1919}
}
@ARTICLE{clerc2013,
  title     = "Les belles le{\c c}ons de \uppercase{M}. \uppercase{K}eynes",
  author    = "D. Clerc",
  journal   = "L'Économie Politique",
  publisher = "CAIRN",
  volume    = "58",
  number    =  2,
  pages     = "53",
  year      =  2013
}
@book{fontvieille1976,
  title={{\'E}volution et croissance de l'{\'E}tat fran{\c{c}}ais: 1815-1969},
  author={Fontvieille, L.},
  series={Cahiers de l'I.S.M.E.A},
  year={1976},
  publisher={Institut de sciences math{\'e}matiques et {\'e}conomiques appliqu{\'e}es}
}
@ARTICLE{couppey2019,
author = {J. Couppey-Soubeyran},
title = {\og \uppercase{L}a monnaie est objet polymorphe et ambivalent \fg{}},
journal = {Le Monde},
date = {2019-10-26},
year = {2019}
}
@TECHREPORT{landau2018,
author = {J.-P. Landau},
title = {Les crypto-monnaies. \uppercase{R}apport au \uppercase{M}inistre de l'{\'E}conomie et des Finances},
institution = {Banque de \uppercase{F}rance},
year = {2018}
}
@TECHREPORT{conseiletat2006,
title = {Rapport public 2006 : \uppercase{S}écurité juridique et complexité du droit},
institution = {Conseil d'{\'E}tat},
publisher = {La Documentation française}
page = {233},
date = {2006}
}
@ARTICLE{fluckiger2007,
author = {A. Fluckiger},
title = {Le principe de clarté de la loi ou l'ambiguïté d'un idéal},
journal = {Cahiers du \uppercase{C}onseil \uppercase{C}onstitutionnel},
number = {21},
year = {2007}
}
@ARTICLE{castex2018,
  title     = "D{\'e}fendre les vivants ou les morts ?",
  author    = "L. Castex, E. Harbinja, and J. Rossi",
  journal   = "R{\'e}seaux",
  publisher = "CAIRN",
  volume    = "210",
  number    =  4,
  pages     = "117",
  year      =  2018
}
@ARTICLE{dagannaud2017,
  title     = "Le fonctionnement de la blockchain",
  author    = "G. Marin-Dagannaud",
  journal   = "Ann. mines - R{\'e}al. ind.",
  publisher = "CAIRN",
  volume    = "Ao{\^u}t 2017",
  number    =  3,
  pages     = "42",
  year      =  2017
}
@unpublished{nakamoto2008,
 title = {Bitcoin: A Peer-to-Peer Electronic Cash System},
 author = {S. Nakamoto},
 year = {2008}
}
@inproceedings{gervais2016,
author = {Gervais, A. et Karame, Ghassan O. et W\"{u}st, K. et Glykantzis, V. et Ritzdorf, H. et Capkun, S.},
title = {On the Security and Performance of Proof of Work Blockchains},
year = {2016},
publisher = {Association for Computing Machinery},
booktitle = {Procédures de la conférence 2016 de l'ACCM SIGSAC sur la sécurité}
}

@article{gorkhali2020,
author = {A. Gorkhali et  L. Li et A. Shrestha},
title = {Blockchain: a literature review},
journal = {Journal of Management Analytics},
volume = {7},
number = {3},
pages = {321-343},
year  = {2020},
publisher = {Taylor & Francis}
}
@ARTICLE{fox2001,
  author={Fox, G.},
  journal={Computing in Science Engineering},
  title={Peer-to-peer networks},
  year={2001},
  volume={3},
  number={3},
  pages={75-77}
}
@ARTICLE{dagannaud2017,
  author={G. Marin-Dagannaud},
  journal={Annales des \uppercase{M}ines - \uppercase{R}éalités industrielles},
  title={Le fonctionnement de la blockchain.},
  year={2017},
  pages={42-45}
}
@ARTICLE{ford1921,
  journal={New \uppercase{Y}ork \uppercase{T}ribunes},
  title={Ford would replace gold with energy currency and stop war},
  year={1921},
  pages={1},
	number = {27412}
}
@ARTICLE{grunspan2020,
  journal={European \uppercase{M}athematical \uppercase{S}ociety Newsletter},
	author={C. Grunspan et R. Pérez-Marco},
  title={The mathematics of \uppercase{B}itcoin},
  year={2020},
}
@ARTICLE{lambertye2020,
  journal={JurisClasseur Notarial Répertoire},
	author={M.-C. De Lambertye-Autrand et G. Gil},
  title={BIENS - \uppercase{D}istinctions},
  year={2020},
}
@ARTICLE{bonfils2003,
  journal={Revue de la Recherche Juridique},
	author={P. Bonfils},
  title={La consomptibilité},
  year={2003},
	pages={181}
}
@ARTICLE{mercier2005,
  journal={Presses Universitaires d'Aix-Marseille},
	author={V. Mercier},
  title={L'apport du droit des valeurs mobilières à la théorie générale du droit des biens},
  year={2005},
	pages={270}
}
@ARTICLE{jaubert1945,
  journal={RTD civ},
	author={P. Jaubert},
  title={Deux notions du droit des biens : La consomptibilité et la fongibilité},
  year={1945},
	pages={75}
}
@INCOLLECTION{simler2018,
  title     = "Introduction. \uppercase{L}es biens, les choses, les droits",
  booktitle = "Les biens",
  author    = "P. Simler",
  pages     = "5--15",
  year      =  2018
}
@book{leclerc2009,
  title={La Nature de la Monnaie en Droit: Lecture Modale de Sa D{\'e}finition Par Coinduction},
  author={N. Leclerc},
  year={2009},
  publisher={CorpusCivilis},
	pages = {275}
}
@ARTICLE{corbioncondé2014,
  title={De la défiance à l'égard des monnaies nationales au miroir du bitcoin},
  author={L. Corbion-Condé},
  year={2014},
  journal={RD bancaire et fin.},
	volume={13},
  number={7},
}
@ARTICLE{bonneau2018,
  title={Regards nuancés sur le rapport \upppercase{L}andau relatif aux crypto-monnaies},
  author={T. Bonneau},
  year={2018},
  journal={Bulletin Joly Bourse},
  number={5},
	pages = {291}
}

@article{assemblee1994,
  title={Questions et réponses en date du 23 mai 1994},
  author={Ass. nat.},
	journal ={Journal officiel}
  year={1994},
	pages = {2602}
}
@INCOLLECTION{commun2019,
  title     = "Walter Eucken et les fondements de l'ordre {\'e}conomique",
  booktitle = "Walter Eucken, entre {\'e}conomie et politique",
  author    = "Commun, P. and F{\`e}vre, R.",
  publisher = "ENS {\'E}ditions",
  pages     = "11--33",
  year      =  2019
}
@book{bohm1933,
  title={Wettbewerb und Monopolkampf},
  author={F. Böhm},
  year={1933},
}
@INCOLLECTION{villey2013,
  title   = "Chapitre {III}. La philosophie juridique de Guillaume d'\uppercase{O}ccam",
  author  = "Villey, M",
  booktitle = "La formation de la pens{\'e}e juridique moderne",
  volume  =  14,
  pages   = "220--268",
  year    =  2013
}
@ARTICLE{fevre2017,
  title     = "Le march{\'e} sans pouvoir : au c{\oe}ur du discours
               ordolib{\'e}ral",
  author    = "F{\`e}vre, R.",
  journal   = "Rev. Econ. Polit.",
  volume    =  127,
  number    =  1,
  pages     = "119--151",
  month     =  feb,
  year      =  2017
}
@INCOLLECTION{plihon2013,
  title     = "{VI}. La politique mon{\'e}taire",
  booktitle = "La monnaie et ses m{\'e}canismes",
  author    = "Plihon, D.",
  pages     = "87--114",
  year      =  2013,
}

@ARTICLE{blanc2006,
  title     = "Les monnaies de la r{\'e}publique. Un retour sur les id{\'e}es
               mon{\'e}taires de Jean Bodin",
  author    = "Blanc, J.",
  journal   = "Cah. d {\'E}con. Polit.",
  publisher = "CAIRN",
  volume    = "50",
  number    =  1,
  pages     = "165--189",
  month     =  mar,
  year      =  2006,
}
@ARTICLE{gauvard2013,
  title   = "Probl{\`e}mes et r{\'e}sistances de la monarchie",
  author  = "Gauvard, C.",
  journal = "Le temps des Cap{\'e}tiens",
  volume  =  14,
  pages   = "157--162",
  year    =  2013
}
@book{permanent1929affaire,
  title={Affaire concernant le paiement de divers emprunts serbes {\'e}mis en \uppercase{F}rance ; affaire relative au paiement, en or, des emprunts f{\'e}d{\'e}raux br{\'e}siliens {\'e}mis en \uppercase{F}rance},
  author={Permanent Court of International Justice},
  series={Publications de la Cour Permanente de Justice Internationale},
  year={1929},
}
@article{blanc2002,
  TITLE = {Invariants et variantes de la souverainet{\'e} mon{\'e}taire : r{\'e}flexions sur un cadre conceptuel compr{\'e}hensif},
  AUTHOR = {Blanc, J.},
  JOURNAL = {Economies et Soci{\'e}t{\'e}s - s{\'e}rie Monnaie},
  NUMBER = {4},
  PAGES = {193-213},
  YEAR = {2002}
}
@article{vaulpane2017,
  TITLE = {Europe : souveraineté monétaire et monnaie unique},
  AUTHOR = {De Vauplane, H.},
  JOURNAL = {Rev. Banque},
  NUMBER = {808},
  YEAR = {2017}
}
@INCOLLECTION{pecout2004,
  title     = "Chapitre {IV} - La formation de l'{\'E}tat-nation (1848-1871)",
  booktitle = "Naissance de l'Italie contemporaine",
  author    = "P{\'e}cout, G.",
  pages     = "104--160",
  year      =  2004
}
@ARTICLE{moulier2016,
  title     = "{L'Euro}, la souverainet{\'e} mon{\'e}taire en question",
  author    = "Moulier Boutang, Y.",
  journal   = "Multitudes",
  publisher = "CAIRN",
  volume    =  62,
  number    =  1,
  pages     = "175",
  year      =  2016
}
@ARTICLE{theret2003,
  title     = "La dollarisation : polys{\'e}mie et enflure d'une notion",
  author    = "Th{\'e}ret, B.",
  journal   = "Crit. int.",
  publisher = "CAIRN",
  volume    =  19,
  number    =  2,
  pages     = "62",
  year      =  2003
}
@unpublished{marie2018,
  TITLE = {{Comment Isra{\"e}l a {\'e}vit{\'e} l'hyperinflation ? Le succ{\`e}s du plan de stabilisation (1985) {\`a} la lumi{\`e}re de la th{\'e}orie post-keyn{\'e}sienne}},
  AUTHOR = {Marie, J. et Charles, S.},
  YEAR = {2018},
}
@book{beckerman2001,
  title={Dollarization and semi-dollarization in \uppercase{E}cuador},
  author={Beckerman, P.},
	publisher = {The World Bank}
  year={2001},
}
@article{vasconcellos2002,
  author = {Vasconcellos Pessôa de Mendonça, L., Nakatani, P. et Morandi, A.},
  title = {L'État et la monnaie en Amérique latine. Les tendances à la dollarisation},
  year = {2002},
  journal = {Revue Tiers Monde},
  volume = {43},
  number = {171},
  pages = {665--681}
}
@ARTICLE{minda2005,
  title     = "La dollarisation int{\'e}grale : une option mon{\'e}taire de
               dernier ressort pour l'Am{\'e}rique latine ?",
  author    = "Minda, A.",
  journal   = "Mondes Dev.",
  publisher = "CAIRN",
  volume    =  130,
  number    =  2,
  pages     = "15",
  year      =  2005
}
@ARTICLE{vignolles2010,
  title     = "La th{\'e}orie des zones mon{\'e}taires optimales et les
               migrations",
  author    = "Vignolles, B.",
  journal   = "Regards crois{\'e}s sur l'{\'e}con.",
  publisher = "CAIRN",
  volume    =  8,
  number    =  2,
  pages     = "209",
  year      =  2010
}
@ARTICLE{head2002,
  title     = "Effet fronti{\`e}re, int{\'e}gration {\'e}conomique et Forteresse Europe",
  author    = "Head, K. et Mayer, T.",
  journal   = "Econ. Previs.",
  publisher = "CAIRN",
  volume    = "152-153",
  number    =  1,
  pages     = "71--92",
  year      =  2002
}
@ARTICLE{hayek2015,
  title   = "I. Une proposition positive",
  author  = "Hayek, F.",
  journal = "Pour une vraie concurrence des monnaies",
  volume  =  14,
  pages   = "23--28",
  year    =  2015
}
@ARTICLE{rojas2010,
  title     = "Effets b{\'e}n{\'e}fiques de l'inflation dans une {\'e}conomie
               avec concurrence entre monnaies",
  author    = "Rojas Breu, M.",
  journal   = "Rev. {\'e}con.",
  publisher = "CAIRN",
  volume    =  61,
  number    =  3,
  pages     = "657--666",
  year      =  2010
}
@ARTICLE{deVauplane2018,
  title   = "Les prestataires de services sur actifs num{\'e}riques de la loi
             {PACTE}",
  author  = "De Vauplane, H.",
  journal = "Revue Trimestrielle De Droit Financier",
  year    =  2018,
	pages = 1
}
@book{willett2012,
  title={The Second Bitcoin Whitepaper},
  author={Willet, J. R.},
  year={2012},
}

@unpublished{bordet2021,
  TITLE = {Analyse de la proposition de règlement orchestrée par la Commission Européenne et concernant les activités sur actifs numériques},
  AUTHOR = {Bordet, H.},
  YEAR = {2021},
}
@ARTICLE{lucchesi2021,
  title   = "Stablecoins privés et secteur des paiements - Une innovation conditionnée par la réglementation",
  author  = "Lucchesi, M.",
  journal = "Cahiers de droit de l'entreprise",
  year    =  2021,
}
@book{ajdenbaum2021,
  title={Qui va gagner la guerre des cryptomonnaies ?},
  author={Ajdenbaum, J.},
  year={2021}
}
@unpublished{kereiakes2019,
  TITLE = {Terra Money : stability and adoption},
  AUTHOR = {Kereiakes, E. and Kwon, D. and Di Maggio, M. and Platias, N.},
  YEAR = {2019},
}
@unpublished{libra2020,
  TITLE = {Libra White Paper v2.0},
  AUTHOR = {Libra Association Members},
  YEAR = {2020},
}
@ARTICLE{artus2004,
  title     = "La dynamique de la politique mon{\'e}taire, des prix d'actifs et
               de la dette aux {{\'E}tats-Unis}",
  author    = "Artus, P.",
  journal   = "Rev. {\'e}con.",
  publisher = "CAIRN",
  volume    =  55,
  number    =  2,
  pages     = "187",
  year      =  2004
}
@unpublished{tether2015,
  TITLE = {Tether: Fiat currencies on the Bitcoin blockchain},
  AUTHOR = {Tether Operations Limited},
  YEAR = {2015},
}
@unpublished{kuom2019,
  TITLE = {Ampleforth: A New Synthetic Commodity},
  AUTHOR = {Kuom, E. and Iles, B. and Rincon Cruz, M.},
  YEAR = {2019},
}
@misc{luyao2021,
  author = {Luyao, Z. and Yulin, L.},
  title = {Optimal Algorithmic Monetary Policy},
  publisher = {arXiv},
  year = {2021},
}
@misc{ametrano2014,
  author = {Ametrano, F.},
  title = {Hayek Money: The Cryptocurrency Price Stability Solution},
  year = {2014},
}
@article{bentov2014,
author = {Bentov, I. and Lee, C. and Mizrahi, A. and Rosenfeld, M.},
title = {Proof of Activity: Extending Bitcoin's Proof of Work via Proof of Stake [Extended Abstract]},
year = {2014}, publisher = {Association for Computing Machinery},
volume = {42},
number = {3},
journal = {SIGMETRICS Perform. Eval. Rev.},
month = {dec},
pages = {34–37},
numpages = {4}
}
@misc{king2012,
  author = {King, S., Nadal S.},
  title = {PPCoin: Peer-to-Peer Crypto-Currency with Proof-of-Stake},
  year = {2012},
}
@inproceedings{ren2014,
  title={Proof of Stake Velocity: Building the Social Currency of the Digital Age},
  author={Ren, L.},
  year={2014}
}
@inproceedings{larimer2018,
  title={BitShares : A Peer to Peer Polymorphic Digital Asset Exchange},
  author={Larimer, D. and Hoskinson, C. and,  Larimer, S.},
  year={2018}
}
@misc{liu2018,
  author = {Liu, J.-A.},
  title = {Atomic Swaptions: Cryptocurrency Derivatives},
  publisher = {arXiv},
  year = {2018},
}

@inproceedings{alharby2017,
	year = 2017,
	publisher = {Academy \& Industry Research Collaboration Center ({AIRCC})},
	author = {Alharby, M. and Van Moorsel, A.},
	title = {Blockchain Based Smart Contracts : A Systematic Mapping Study},
	booktitle = {Fourth International Conference on Computer Science and Information Technology}
}

@misc{gugger2020,
    author       = {Gugger, J.},
    title        = {Bitcoin-Monero Cross-chain Atomic Swap},
    year         = {2020},
}
@misc{zhao2021,
  author = {Zhao, W. and Li, H. and Yuan, Y.},
	title = {Understand Volatility of Algorithmic Stablecoin: Modeling, Verification and Empirical Analysis},
  publisher = {arXiv},
  year = {2021},
	pages = {4}
}
@misc{frax,
    author       = {Gugger, J.},
    title        = {Bitcoin-Monero Cross-chain Atomic Swap},
    year         = {2020},
}
@misc{saengchote2021,
    author       = {Saengchote, K.},
    title        = {A DeFi Bank Run: Iron Finance, IRON Stablecoin, and the Fall of TITAN},
    year         = {2021},
		pages = {13}
}
@ARTICLE{levygarboua2020,
  title   = "Chapitre 2. Le mistigri de l'imp{\^o}t",
  author  = "Levy-Garboua, V. and Maarek, G.",
  journal = "Imp{\^o}ts. Le grand d{\'e}sordre",
  volume  =  14,
  pages   = "61--80",
  year    =  2020
}
@ARTICLE{noauthor2007,
  title     = "Les mots-cl{\'e}s de la fiscalit{\'e}",
  journal   = "Regards crois{\'e}s sur l'{\'e}con.",
  publisher = "CAIRN",
  volume    =  1,
  number    =  1,
  pages     = "265",
  year      =  2007
}
@INCOLLECTION{serlooten2018,
  title     = "Le n{\'e}o-r{\'e}alisme du droit fiscal",
  booktitle = "Regards critiques sur quelques (r){\'e}volutions r{\'e}centes du
               droit",
  author    = "Serlooten, P. and De Bissy, A.",
  publisher = "Presses de l'Universit{\'e} Toulouse 1 Capitole",
  pages     = "195--222",
  year      =  2018
}
@ARTICLE{MaitrotdelaMotte2014,
  title     = "L'imp{\^o}t europ{\'e}en",
  author    = "Maitrot de la Motte, A.",
  journal   = "Obs. Diagn. Econ.",
  publisher = "CAIRN",
  volume    = "134",
  number    =  3,
  pages     = "149--160",
  year      =  2014
}
@ARTICLE{buisson2002,
  title     = "Impôt et souveraineté",
  author    = "Buisson, J.",
  journal   = "Archives de philosophie du droit",
  number    =  46,
  pages     = "25--31",
  year      =  2002
}
@ARTICLE{chetioui2021,
  title     = "Plus-values sur cession de crypto-monnaies : quelles modalités fiscales ?",
  author    = "Chetioui, A.",
  journal   = "Village de la justice",
  year      =  2021
}
@ARTICLE{laffont2021,
  title     = "Cryptomonnaies : quelle fiscalité pour vos plus-values et quelles obligations déclaratives ?",
  author    = "Chetioui, A.",
  journal   = "Village de la justice",
  year      =  2021
}
@INCOLLECTION{quoistiaux2019,
  title     = "Chapitre 4. Les plateformes d'{\'e}change, ces {\'e}tranges interm{\'e}diaires",
  booktitle = "Bitcoin et cryptomonnaies: Le guide pratique de l'investisseur d{\'e}butant",
  author    = "Quoistiaux, G.",
  pages     = "57--66",
  year      =  2019,
}
@ARTICLE{devoluy2016,
  title     = "L'ordolib{\'e}ralisme et la construction europ{\'e}enne",
  author    = "D{\'e}voluy, M.",
  journal   = "Rev. int. strat{\'e}g.",
  publisher = "CAIRN",
  volume    =  103,
  number    =  3,
  pages     = "26",
  year      =  2016
}
